
@book{book_key,
	address = {City},
	publisher = {Publisher},
	author = {Smith, John},
	title = {Book title},
	year = {2012},
	volume = {3},
	series = {2},
	edition = {1},
	pages = {123--200},
	month = {January}
}

@article{article_key,
  address = {City},
  publisher = {Publisher},
  author = {Smith, James},
  title = {Article title},
  year = {2016},
  volume = {14},
  number = {6},
  pages = {1--8},
  month = {March}
}

@misc{standard_key,
  howpublished = {Publisher},
  author = {Smith, James},
  title = {Article title},
  year = {2016},
  month = {March}
}

@online{•,
  author = {•},
  title = {•},
  year = {•},
  url = {•}
}




@book{delligatti2014sysml,
  author = {Delligatti, Lenny},
  title = {SysML Distilled: A Brief Guide to the Systems Modeling Language},
  year = {2014}
}




@article{heidt2000cubesat,
  title={CubeSat: A new Generation of Picosatellite for Education and Industry Low-Cost Space Experimentation},
  author={Heidt, Hank and Puig-Suari, Jordi and Moore, Augustus and Nakasuka, Shinichi and Twiggs, Robert},
  booktitle={Proceedings of 14th Annual/USU Conference on Small Satellites, Logan, Utah, USA},
  year={2000}
}

@article{nason2002development,
  title={Development of a Family of Picosatellite Deployers based on the CubeSat Standard},
  author={Nason, Isaac and Puig-Suari, Jordi and Twiggs, Robert},
  booktitle={Proceedings of Aerospace Conference},
  year={2002},
  organization={IEEE}
}

@article{taraba2009boeing,
  title={Boeing’s CubeSat TestBed-1 Attitude Determination Design and On-Orbit Experience},
  author={Taraba, Michael and Rayburn, Christian and Tsuda, Albert and MacGillivray, Charles},
  booktitle={Proceedings of 23th Annual AIAA/USU Conference on Small Satellites, Logan, Utah, USA},
  year={2009}
}

@article{scholz2015toward,
  title={Toward Open Source CubeSat Design},
  author={Scholz, Artur and Juang, Jer-Nan},
  journal={Acta Astronautica},
  volume={115},
  pages={384--392},
  year={2015},
  publisher={Elsevier}
}

@article{lock2013open,
  title={Open Source Hardware},
  author={Lock, Jonathan},
  institution={Department of Technology Management and Economics, Chalmers University of Technology},
  year={2013}
}

@article{anderson2010passport,
  title={Passport Without A Visa: Open Source Software Licensing and Trademarks},
  author={Anderson, Harvey and Dare, Tiki},
  journal={International Free and Open Source Software Law Review},
  volume={1},
  number={2},
  pages={99--110},
  year={2010}
}

@article{katz2012towards,
  title={Towards a Functional Licence for Open Hardware},
  author={Katz, Andrew and Moorcrofts, LLP and Partner, Moorcrofts LLP and House, James and Park, Mere},
  journal={International Free and Open Source Software Law Review},
  volume={4},
  number={1},
  pages={41--62},
  year={2012}
}

@article{ackerman2008toward,
  title={Toward Open Source Hardware},
  author={Ackerman, John R},
  journal={U. Dayton L. Rev.},
  volume={34},
  pages={183},
  year={2008},
  publisher={HeinOnline}
}

@article{webbink2010packaging,
  title={Packaging Open Source},
  author={Webbink, Mark H},
  journal={International Free and Open Source Software Law Review},
  volume={1},
  number={2},
  pages={83--98},
  year={2010}
}

@article{ayass2012cern,
  title={The CERN Open Hardware Licence},
  author={Ayass, Myriam and Serrano, Javier},
  journal={International Free and Open Source Software Law Review},
  volume={4},
  number={1},
  pages={71--78},
  year={2012}
}

@online{opensource.org,
  author = {Open Source Initiative},
  url = {http://opensource.org/}
}

@online{oshwa.org,
  author = {Open Source Hardware Association},
  url = {http://www.oshwa.org/}
}

@online{fsf.org,
  author = {Free Software Foundation},
  url = {http://www.fsf.org/}
}

@online{creativecommons.org,
  author = {Creative Commons},
  url = {http://creativecommons.org/},
}

@online{tapr.org,
  title = {The TAPR Open Hardware License},
  author = {John Ackermann},
  year = {2007},
  url = {https://www.tapr.org/}
}

@online{ecss.nl,
  author = {ECSS},
  url = {https//www.ecss.nl/}
}

@online{ccsds.org,
  author = {CCSDS},
  url = {http://public.ccsds.org}
}

@online{omg.org,
  author = {OMG},
  url = {http://omg.org}
}

@online{oasis.org,
  author = {OASIS},
  url = {http://www.oasis-open.org/standards/}
}

@online{escies.org,
  author = {ESCIES},
  url = {https://escies.org/}
}

@online{spacecomponents.org,
  author = {ESCC},
  url = {https://spacecomponents.org/}
}

@misc{cubesat_design_specification,
  organization = {CalPoly SLO},
  author = {Lee, Simon et al.},
  title = {CubeSat Design Specification},
  year = {2014},
  month = {February}, 
  version = {13},
  url = {https://www.cubesat.org/}
}

@misc{ECSS-M-ST-10,
  organization = {ECSS},
  title = {ECSS-M-ST-10C Rev. 1},
  subtitle = {Project planning and implementation},
  year = {2009},
  month = {March}
}

@misc{ECSS-M-ST-10-01,
  organization = {ECSS},
  title = {ECSS-M-ST-10-01C},
  subtitle = {Organization and conduct of reviews},
  year = {2008},
  month = {November}
}

@misc{ECSS-M-ST-40,
  organization = {ECSS},
  title = {ECSS-M-ST-40C Rev. 1},
  subtitle = {Configuration and information management},
  year = {2009},
  month = {March}
}

@misc{ECSS-M-ST-60,
  organization = {ECSS},
  title = {ECSS-M-ST-60C},
  subtitle = {Cost and schedule management},
  year = {2008},
  month = {July}
}

@misc{ECSS-M-70,
  organization = {ECSS},
  title = {ECSS-M-70A},
  subtitle = {Integrated logistic support},
  year = {1996},
  month = {April}
}

@misc{ECSS-M-ST-80,
  organization = {ECSS},
  title = {ECSS-M-ST-80C},
  subtitle = {Risk management},
  year = {2008},
  month = {July}
}

@misc{ECSS-Q-ST-10,
  organization = {ECSS},
  title = {ECSS-Q-ST-10C},
  subtitle = {Product assurance management},
  year = {2008},
  month = {November}
}

@misc{ECSS-Q-ST-10-04,
  organization = {ECSS},
  title = {ECSS-Q-ST-10-04C},
  subtitle = {Critial-item control},
  year = {2008},
  month = {July}
}

@misc{ECSS-Q-ST-10-09,
  organization = {ECSS},
  title = {ECSS-Q-ST-10-09C},
  subtitle = {Nonconformance control system},
  year = {2008},
  month = {November}
}

@misc{ECSS-Q-ST-20,
  organization = {ECSS},
  title = {ECSS-Q-ST-20C Rev.1},
  subtitle = {Quality assurance},
  year = {2013},
  month = {March}
}

@misc{ECSS-Q-ST-20-07,
  organization = {ECSS},
  title = {ECSS-Q-ST-20-07C},
  subtitle = {Quality and safety assurance for space test centres},
  year = {2014},
  month = {October}
}

@misc{ECSS-Q-ST-20-10,
  organization = {ECSS},
  title = {ECSS-Q-ST-20-10C},
  subtitle = {Off-the-shelf items utilization in space systems},
  year = {2010},
  month = {October}
}

@misc{ECSS-Q-ST-30,
  organization = {ECSS},
  title = {ECSS-Q-ST-30C},
  subtitle = {Dependability},
  year = {2009},
  month = {March}
}

@misc{ECSS-Q-ST-30-02,
  organization = {ECSS},
  title = {ECSS-Q-ST-30-02C},
  subtitle = {Failure modes, effects (and criticality) analysis (FMEA/FMECA)},
  year = {2009},
  month = {March}
}

@misc{ECSS-Q-ST-30-09,
  organization = {ECSS},
  title = {ECSS-Q-ST-30-09C},
  subtitle = {Availability analysis},
  year = {2008},
  month = {July}
}

@misc{ECSS-Q-ST-30-11,
  organization = {ECSS},
  title = {ECSS-Q-ST-30-11C Rev.1},
  subtitle = {Derating - EEE components},
  year = {2011},
  month = {October}
}

@misc{ECSS-Q-ST-40,
  organization = {ECSS},
  title = {ECSS-Q-ST-40C},
  subtitle = {Safety},
  year = {2009},
  month = {March}
}

@misc{ECSS-Q-ST-40-02,
  organization = {ECSS},
  title = {ECSS-Q-ST-40-02C},
  subtitle = {Hazard analysis},
  year = {2008},
  month = {November}
}

@misc{ECSS-Q-ST-40-12,
  organization = {ECSS},
  title = {ECSS-Q-ST-40-12C},
  subtitle = {Fault tree analysis - Adoption notice ECSS/IEC 61025},
  year = {2008},
  month = {July}
}

@misc{ECSS-Q-ST-60,
  organization = {ECSS},
  title = {ECSS-Q-ST-60C Rev.2},
  subtitle = {Electrical, electronic and electromechanical (EEE) components},
  year = {2013},
  month = {October}
}

@misc{ECSS-Q-ST-60-13,
  organization = {ECSS},
  title = {ECSS-Q-ST-60-13C},
  subtitle = {Commercial electrical, electronic and electromechanical (EEE) components},
  year = {2013},
  month = {October}
}

@misc{ECSS-Q-ST-60-15,
  organization = {ECSS},
  title = {ECSS-Q-ST-60-15C},
  subtitle = {Radiation hardness assurance - EEE components},
  year = {2012},
  month = {October}
}

@misc{ECSS-Q-ST-70,
  organization = {ECSS},
  title = {ECSS-Q-ST-70C Rev.1},
  subtitle = {Materials, mechanical parts and processes},
  year = {2014},
  month = {October}
}

@misc{ECSS-Q-ST-70-01,
  organization = {ECSS},
  title = {ECSS-Q-ST-70-01C},
  subtitle = {Cleanliness and contamination control},
  year = {2008},
  month = {November}
}

@misc{ECSS-Q-ST-70-02,
  organization = {ECSS},
  title = {ECSS-Q-ST-70-02C},
  subtitle = {Thermal vacuum outgassing test for the screening of space materials},
  year = {2008},
  month = {November}
}

@misc{ECSS-Q-ST-70-03,
  organization = {ECSS},
  title = {ECSS-Q-ST-70-03C},
  subtitle = {Black-anodizing of metals with inorganic dyes},
  year = {2008},
  month = {July}
}

@misc{ECSS-Q-ST-70-04,
  organization = {ECSS},
  title = {ECSS-Q-ST-70-04C},
  subtitle = {Thermal testing for the evaluation of space materials, processes, mechanical parts and assemblies},
  year = {2008},
  month = {November}
}

@misc{ECSS-Q-ST-70-06,
  organization = {ECSS},
  title = {ECSS-Q-ST-70-06C},
  subtitle = {Particle and UV radiation testing for space materials},
  year = {2008},
  month = {July}
}

@misc{ECSS-Q-ST-70-07,
  organization = {ECSS},
  title = {ECSS-Q-ST-70-07C},
  subtitle = {Verification and approval of automatic machine wave soldering},
  year = {2010},
  month = {April}
}

@misc{ECSS-Q-ST-70-08,
  organization = {ECSS},
  title = {ECSS-Q-ST-70-08C},
  subtitle = {Manual soldering of high-reliability electrical connections},
  year = {2009},
  month = {March}
}

@misc{ECSS-Q-ST-70-09,
  organization = {ECSS},
  title = {ECSS-Q-ST-70-09C},
  subtitle = {Measurements of thermo-optical properties of thermal control materials},
  year = {2008},
  month = {July}
}

@misc{ECSS-Q-ST-70-10,
  organization = {ECSS},
  title = {ECSS-Q-ST-70-10C},
  subtitle = {Qualification of printed circuit boards},
  year = {2008},
  month = {November}
}

@misc{ECSS-Q-ST-70-11,
  organization = {ECSS},
  title = {ECSS-Q-ST-70-11C},
  subtitle = {Procurement of printed circuit boards},
  year = {2008},
  month = {November}
}

@misc{ECSS-Q-ST-70-12,
  organization = {ECSS},
  title = {ECSS-Q-ST-70-12C},
  subtitle = {Design rules for printed circuit boards},
  year = {2014},
  month = {July}
}

@misc{ECSS-Q-ST-70-13,
  organization = {ECSS},
  title = {ECSS-Q-ST-70-13C Rev.1},
  subtitle = {Measurements of the peel and pull-off strength of coatings and finishes using pressure-sensitive tapes},
  year = {2011},
  month = {October}
}

@misc{ECSS-Q-ST-70-18,
  organization = {ECSS},
  title = {ECSS-Q-ST-70-18C},
  subtitle = {Preparation, assembly and mounting of RF coaxial cables},
  year = {2008},
  month = {November}
}

@misc{ECSS-Q-ST-70-20,
  organization = {ECSS},
  title = {ECSS-Q-ST-70-20C},
  subtitle = {Determination of the susceptibility of silver-plated copper wire and cable to "red-plague" corrosion},
  year = {2008},
  month = {July}
}

@misc{ECSS-Q-ST-70-21,
  organization = {ECSS},
  title = {ECSS-Q-ST-70-21C},
  subtitle = {Flammability testing for the screening of space materials},
  year = {2010},
  month = {February}
}

@misc{ECSS-Q-ST-70-22,
  organization = {ECSS},
  title = {ECSS-Q-ST-70-22C},
  subtitle = {Control of limited shelf-life materials},
  year = {2008},
  month = {July}
}

@misc{ECSS-Q-ST-70-26,
  organization = {ECSS},
  title = {ECSS-Q-ST-70-26C},
  subtitle = {Crimping of high-reliability electrical connections},
  year = {2008},
  month = {July}
}

@misc{ECSS-Q-ST-70-28,
  organization = {ECSS},
  title = {ECSS-Q-ST-70-28C},
  subtitle = {Repair and modification of printed circuit board assemblies for space use},
  year = {2008},
  month = {July}
}

@misc{ECSS-Q-ST-70-29,
  organization = {ECSS},
  title = {ECSS-Q-ST-70-29C},
  subtitle = {Determination of offgassing products from materials and assembled articles to be used in a manned space vehicle crew compartment},
  year = {2008},
  month = {November}
}

@misc{ECSS-Q-ST-70-30,
  organization = {ECSS},
  title = {ECSS-Q-ST-70-30C},
  subtitle = {Wire wrapping of high-reliability electrical connections},
  year = {2008},
  month = {July}
}

@misc{ECSS-Q-ST-70-31,
  organization = {ECSS},
  title = {ECSS-Q-ST-70-31C},
  subtitle = {Application of paints and coatings on space hardware},
  year = {2008},
  month = {November}
}

@misc{ECSS-Q-ST-70-36,
  organization = {ECSS},
  title = {ECSS-Q-ST-70-36C},
  subtitle = {Material selection for controlling stress-corrosion cracking},
  year = {2009},
  month = {March}
}

@misc{ECSS-Q-ST-70-37,
  organization = {ECSS},
  title = {ECSS-Q-ST-70-37C},
  subtitle = {Determination of the susceptibility of metals to stress-corrosion cracking},
  year = {2008},
  month = {November}
}

@misc{ECSS-Q-ST-70-38,
  organization = {ECSS},
  title = {ECSS-Q-ST-70-38C},
  subtitle = {High-reliability soldering for surface-mount and mixed technology},
  year = {2008},
  month = {July}
}

@misc{ECSS-Q-ST-70-39,
  organization = {ECSS},
  title = {ECSS-Q-ST-70-39C},
  subtitle = {Welding of of metallic materials for flight hardware},
  year = {2015},
  month = {May}
}

@misc{ECSS-Q-ST-70-45,
  organization = {ECSS},
  title = {ECSS-Q-ST-70-45C},
  subtitle = {Mechanical testing of metallic materials},
  year = {2008},
  month = {July}
}

@misc{ECSS-Q-ST-70-50,
  organization = {ECSS},
  title = {ECSS-Q-ST-70-50C},
  subtitle = {Particles contamination monitoring for spacecraft systems and cleanrooms},
  year = {2011},
  month = {October}
}

@misc{ECSS-Q-ST-70-71,
  organization = {ECSS},
  title = {ECSS-Q-ST-70-71C},
  subtitle = {Materials, processes and their data selection},
  year = {2014},
  month = {October}
}

@misc{ECSS-Q-ST-80,
  organization = {ECSS},
  title = {ECSS-Q-ST-80C},
  subtitle = {Software product assurance},
  year = {2009},
  month = {March}
}

@misc{ECSS-U-AS-10,
  organization = {ECSS},
  title = {ECSS-U-AS-10C},
  subtitle = {Adoption Notice of ISO 24113: Space systems - Space debris mitigation requirements},
  year = {2012},
  month = {February}
}

@misc{ECSS-E-HB-10-12,
  organization = {ECSS},
  title = {ECSS-E-HB-10-12A},
  subtitle = {Calculation of radiation and its effects and margin policy handbook},
  year = {2010},
  month = {December}
}

@misc{ECSS-E-HB-30-01,
  organization = {ECSS},
  title = {ECSS-E-HB-30-01A},
  subtitle = {Worst case analysis},
  year = {2011},
  month = {January}
}

@misc{ECSS-E-HB-50,
  organization = {ECSS},
  title = {ECSS-E-HB-50A},
  subtitle = {Communications guidelines},
  year = {2008},
  month = {November}
}

@misc{ECSS-Q-TM-70-52,
  organization = {ECSS},
  title = {ECSS-Q-TM-70-52A},
  subtitle = {Kinetic outgassing of materials for space},
  year = {2011},
  month = {January}
}

@misc{ECSS-E-ST-40,
  organization = {ECSS},
  title = {ECSS-E-ST-40C},
  subtitle = {Software},
  year = {2009},
  month = {March}
}

@misc{ECSS-E-ST-70-11,
  organization = {ECSS},
  title = {ECSS-E-ST-70-11C},
  subtitle = {Space segment operability},
  year = {2008},
  month = {July}
}

@misc{ECSS-Q-HB-30-01,
  organization = {ECSS},
  title = {ECSS-Q-ST-20-07A},
  subtitle = {Thermal design handbook},
  year = {2011},
  month = {December}
}

@misc{ECSS-E-ST-10,
  organization = {ECSS},
  title = {ECSS-E-ST-10C},
  subtitle = {System engineering general requirements},
  year = {2009},
  month = {March}
}

@misc{ECSS-E-ST-06,
  organization = {ECSS},
  title = {ECSS-E-ST-06C},
  subtitle = {Technical requirements specification},
  year = {2009},
  month = {March}
}

@misc{ECSS-E-ST-10-04,
  organization = {ECSS},
  title = {ECSS-E-ST-10-04C},
  subtitle = {Space environment},
  year = {2008},
  month = {November}
}

@misc{ECSS-E-ST-10-24,
  organization = {ECSS},
  title = {ECSS-E-ST-10-24C},
  subtitle = {Interface management},
  year = {2015},
  month = {June}
}

@misc{ECSS-E-ST-10-02,
  organization = {ECSS},
  title = {ECSS-E-ST-10-02C},
  subtitle = {Verification},
  year = {2009},
  month = {March}
}

@misc{ECSS-E-ST-10-03,
  organization = {ECSS},
  title = {ECSS-E-ST-10-03C},
  subtitle = {Testing},
  year = {2012},
  month = {June}
}

@misc{ECSS-E-ST-20,
  organization = {ECSS},
  title = {ECSS-E-ST-20C},
  subtitle = {Electrical and electronic},
  year = {2008},
  month = {July}
}

@misc{ECSS-E-ST-20-20,
  organization = {ECSS},
  title = {ECSS-E-ST-20-20C},
  subtitle = {Electrical design and interface requirements for power supply},
  year = {2016},
  month = {April}
}

@misc{ECSS-E-HB-20-20,
  organization = {ECSS},
  title = {ECSS-E-HB-20-20A},
  subtitle = {Guidelines for electrical design and interface requirements for power supply},
  year = {TBD},
  month = {TBD}
}

@misc{ECSS-E-ST-31,
  organization = {ECSS},
  title = {ECSS-E-ST-31C},
  subtitle = {Thermal control general requirements},
  year = {2008},
  month = {November}
}

@misc{ECSS-E-ST-32,
  organization = {ECSS},
  title = {ECSS-E-ST-32C Rev.1},
  subtitle = {Structural general requirements},
  year = {2008},
  month = {November}
}

@misc{ECSS-E-ST-32-03,
  organization = {ECSS},
  title = {ECSS-E-ST-32-03C},
  subtitle = {Structural finite element models},
  year = {2008},
  month = {July}
}

@misc{ECSS-E-ST-32-08,
  organization = {ECSS},
  title = {ECSS-E-ST-32-08C Rev.1},
  subtitle = {Materials},
  year = {2014},
  month = {October}
}

@misc{ECSS-E-ST-32-10,
  organization = {ECSS},
  title = {ECSS-E-ST-32-10C rev.1},
  subtitle = {Structural factors of safety for spaceflight hardware},
  year = {2009},
  month = {March}
}

@misc{ECSS-E-ST-32-11,
  organization = {ECSS},
  title = {ECSS-E-ST-32-11C},
  subtitle = {Modal survey assessment},
  year = {2008},
  month = {July}
}

@misc{ECSS-E-ST-33-01,
  organization = {ECSS},
  title = {ECSS-E-ST-33-01C},
  subtitle = {Mechanisms},
  year = {2009},
  month = {March}
}

@misc{ECSS-E-ST-33-11,
  organization = {ECSS},
  title = {ECSS-E-ST-33-11C},
  subtitle = {Explosive systems and devices},
  year = {2008},
  month = {July}
}

@misc{ECSS-E-ST-35,
  organization = {ECSS},
  title = {ECSS-E-ST-35C Rev.1},
  subtitle = {Propulsion general requirements},
  year = {2009},
  month = {March}
}

@misc{ECSS-E-ST-35-01,
  organization = {ECSS},
  title = {ECSS-E-ST-35-01C},
  subtitle = {Liquid and electric propulsion for spacecraft},
  year = {2008},
  month = {November}
}
  
@misc{ECSS-E-ST-35-02,
  organization = {ECSS},
  title = {ECSS-E-ST-35-02C},
  subtitle = {Solid propulsion for spacecrafts and launchers},
  year = {2010},
  month = {October}
}

@misc{ECSS-E-ST-35-06,
  organization = {ECSS},
  title = {ECSS-E-ST-35-06C Rev.1},
  subtitle = {Cleanliness requirements for spacecraft propulsion hardware},
  year = {2008},
  month = {November}
}

@misc{ECSS-E-ST-35-10,
  organization = {ECSS},
  title = {ECSS-E-ST-35-10C},
  subtitle = {Compatibility testing for liquid propulsion systems},
  year = {2009},
  month = {March}
}

@misc{ECSS-E-ST-50,
  organization = {ECSS},
  title = {ECSS-E-ST-50C},
  subtitle = {Communications},
  year = {2008},
  month = {July}
}

@misc{ECSS-E-ST-50-15,
  organization = {ECSS},
  title = {ECSS-E-ST-50-15C},
  subtitle = {CANbus extension protocol},
  year = {2015},
  month = {May}
}

@misc{ECSS-Q-ST-20-08,
  organization = {ECSS},
  title = {ECSS-Q-ST-20-08C},
  subtitle = {Storage, handling and transportation of spacecraft hardware},
  year = {2014},
  month = {October}
}

@misc{ECSS-E-ST-10-06,
  organization = {ECSS},
  title = {ECSS-E-ST-10-06C},
  subtitle = {Technical requirements specification},
  year = {2009},
  month = {March}
}

@misc{ECSS-E-ST-50-14,
  organization = {ECSS},
  title = {ECSS-E-ST-50-14C},
  subtitle = {Control performances},
  year = {2008},
  month = {July}
}

@misc{ECSS-E-ST-60-10,
  organization = {ECSS},
  title = {ECSS-E-ST-60-10C},
  subtitle = {Control performances},
  year = {2008},
  month = {November}
}

@misc{ECSS-E-HB-10-02,
  organization = {ECSS},
  title = {ECSS-E-HB-10-02A},
  subtitle = {Verification guidelines},
  year = {2010},
  month = {December}
}

@misc{ECSS-E-HB-31-01,
  organization = {ECSS},
  title = {ECSS-E-HB-31-01A},
  subtitle = {Thermal design handbook},
  year = {2011},
  month = {December}
}

@misc{ECSS-E-HB-31-03,
  organization = {ECSS},
  title = {ECSS-E-HB-31-03A},
  subtitle = {Thermal design handbook (To be issued)}
}

@misc{ECSS-E-HB-32-20,
  organization = {ECSS},
  title = {ECSS-E-HB-32-20A},
  subtitle = {Structural materials handbook},
  year = {2011},
  month = {March}
}

@misc{ECSS-E-HB-60,
  organization = {ECSS},
  title = {ECSS-E-HB-60A},
  subtitle = {Control engineering handbook},
  year = {2010},
  month = {December}
}

@misc{ECSS-E-HB-60-10,
  organization = {ECSS},
  title = {ECSS-E-HB-60-10A},
  subtitle = {Control performance guidelines},
  year = {2010},
  month = {December}
}

@misc{ECSS-E-TM-10-25,
  organization = {ECSS},
  title = {ECSS-E-TM-10-25A},
  subtitle = {Engineering design model data exchange (CDF)},
  year = {2010},
  month = {October}
}

@misc{ECSS-E-TM-10-23,
  organization = {ECSS},
  title = {ECSS-E-TM-10-23A},
  subtitle = {Space system data repository},
  year = {2011},
  month = {November}
}

@misc{CCSDS-311.0-M,
  organization = {CCSDS},
  title = {CCSDS 311.0-M-1},
  subtitle = {Reference Architecture for Space Data Systems},
  year = {2008},
  month = {September}
}

@misc{ECSS-E-ST-70,
  organization = {ECSS},
  title = {ECSS-E-ST-70C},
  subtitle = {Ground systems and operations},
  year = {2008},
  month = {July}
}

@misc{ECSS-S-ST-00-01,
  organization = {ECSS},
  title = {ECSS-S-ST-00-01C},
  subtitle = {Glossary of terms},
  year = {2012},
  month = {October}
}

@misc{CCSDS-120.0-G,
  organization = {CCSDS},
  title = {CCSDS-120.0-G-3},
  subtitle = {Lossless Data Compression},
  year = {2013},
  month = {April}
}

@misc{CCSDS-121.0-B,
  organization = {CCSDS},
  title = {CCSDS-121.0-B-2},
  subtitle = {Lossless Data Compression},
  year = {2012},
  month = {May}
}

@misc{CCSDS-123.0-B,
  organization = {CCSDS},
  title = {CCSDS-121.0-B-1},
  subtitle = {Lossless Multispectral and Hyperspectral Image Compression},
  year = {2012},
  month = {May}
}

@misc{CCSDS-122.0-B,
  organization = {CCSDS},
  title = {CCSDS-122.0-B-1},
  subtitle = {Image Data Compression},
  year = {2005},
  month = {November}
}

@misc{CCSDS-120.1-G,
  organization = {CCSDS},
  title = {CCSDS-120.1-G-2},
  subtitle = {Image Data Compression},
  year = {2015},
  month = {February}
}

@misc{CCSDS-130.0-G,
  organization = {CCSDS},
  title = {CCSDS-130.0-G-3},
  subtitle = {Overview of Space Communications Protocols},
  year = {2014},
  month = {July}
}

@misc{CCSDS-766.1-B,
  organization = {CCSDS},
  title = {CCSDS-766.1-B-1},
  subtitle = {Digital Motion Imagery},
  year = {2015},
  month = {May}
}

@misc{CCSDS-706.1-G,
  organization = {CCSDS},
  title = {CCSDS-706.1-G-2},
  subtitle = {Motion Imagery and Applications},
  year = {2015},
  month = {May}
}

@misc{CCSDS-301.0-B,
  organization = {CCSDS},
  title = {CCSDS-301.0-B-4},
  subtitle = {Time Code Formats},
  year = {2010},
  month = {November}
}

@misc{CCSDS-320.0-B,
  organization = {CCSDS},
  title = {CCSDS-320.0-B-6},
  subtitle = {CCSDS Global Spacecraft Identification Field Code Assignment Control Procedures},
  year = {2013},
  month = {October}
}

@online{sanaregistry.org,
  author = {Space Assigned Numbers Authority (SANA)},
  url = {http://sanaregistry.org/r/spacecraftid/spacecraftid.html}
}

@misc{ECSS-E-ST-60-20,
  organization = {ECSS},
  title = {ECSS-E-ST-60-20C rev.1},
  subtitle = {Star sensor terminology and performance specification},
  year = {2008},
  month = {November}
}

















???
@misc{ECSS-E-ST-60-21,
  organization = {ECSS},
  title = {ECSS-E-ST-32-10C rev.1},
  subtitle = {Structural factors of safety for spaceflight hardware},
  year = {2009},
  month = {March}
}



CCSDS 130.0-G
CCSDS 401.0-B
CCSDS 413.0-G
ECSS-E-ST-50-05
CCSDS 130.2-G
CCSDS 131.0-B
CSDS 231.0-B
CCSDS 230.1-G
CCSDS 132.0-B
CCSDS 232.0-B
CCSDS 232.1-B
CCSDS 133.0-B
CCSDS 850.0-G
CCSDS 851.0-M
CCSDS 852.0-M
CCSDS 853.0-M
CCSDS 854.0-M
CCSDS 855.0-M
CCSDS 871.0-M
CCSDS 871.2-M
CCSDS 871.1-M
CCSDS 871.3-M
CCSDS 872.0-M
CCSDS 873.0-M
CCSDS 875.0-M
CCSDS 876.0-R
CCSDS 876.1-R
CCSDS 727.0-B
CCSDS 720.1-G
CCSDS 720.2-G
ECSS-E-ST-70-41
ECSS-E-ST-70-01
GEMS
CCSDS 910.0-G
CCSDS 910.3-G
CCSDS 910.4-B
CCSDS 910.14-G
CCSDS 910.11-B
CCSDS 911.1-B 
CCSDS 911.2-B
CCSDS 911.5-B
CCSDS 912.1-B
CCSDS 912.3-B
CCSDS 921.1-R
CCSDS 922.1-R
CCSDS 922.2-R
CCSDS 914.1-G
CCSDS 914.0-M
CCSDS 914.2-G
CCSDS 915.1-M
CCSDS 915.2-M
CCSDS 915.5-M
CCSDS 916.1-M
CCSDS 916.3-M
CCSDS 913.1-B
CCSDS 660.0-B
CCSDS 660.0-G
CCSDS 660.1-G
ECSS-E-ST-70-31
ECSS-E-ST-70-32
CCSDS 902.1-R
CCSDS 661.0-B
CCSDS 650.0-M
CCSDS 651.0-M
CCSDS 651.1-B
wiki-TLE
CCSDS 500.0-G
CCSDS 502.0-B
CCSDS 503.0-B
CCSDS 504.0-B
CCSDS 505.0-B
CCSDS 508.0-B
CCSDS 509.0-B
ECSS-E-TM-10-21
ECSS-E-TM-40-07




























